@inproceedings{adeodato,
  title={A data mining approach for preventing undergraduate students retention},
  author={da Silva, Hadautho Roberto Barros and Adeodato, Paulo Jorge Leit{\~a}o},
  booktitle={The 2012 International Joint Conference on Neural Networks (IJCNN)},
  pages={1--8},
  year={2012},
  organization={IEEE}
}

@article{predict_retention,
  title={A data mining approach for identifying predictors of student retention from sophomore to junior year},
  author={Yu, Chong Ho and DiGangi, Samuel and Jannasch-Pennell, Angel and Kaprolet, Charles},
  journal={Journal of Data Science},
  volume={8},
  number={2},
  pages={307--325},
  year={2010},
  publisher={中華資料採礦協會}
}
