% adeodato article
@inproceedings{adeodato,
  title={A data mining approach for preventing undergraduate students retention},
  author={da Silva, Hadautho Roberto Barros and Adeodato, Paulo Jorge Leit{\~a}o},
  booktitle={Neural Networks (IJCNN), The 2012 International Joint Conference on},
  pages={1--8},
  year={2012},
  organization={IEEE}
}

% conceito de evasão
@misc{mec_conceito_evasao,
  title={Diploma{\c{c}}{\~a}o, reten{\c{c}}{\~a}o e evas{\~a}o nos cursos de gradua{\c{c}}{\~a}o em institui{\c{c}}{\~o}es de ensino superior p{\'u}blicas},
  author={Comissão Especial de Estudos de Evasão, Comissão Especial de Estudos de Evasão},
  year={1996},
  publisher={Avalia{\c{c}}{\~a}o}
}

% why students of cs1 drop out - finnish research
@inproceedings{dropout_finland,
  title={Why students drop out CS1 course?},
  author={Kinnunen, P{\"a}ivi and Malmi, Lauri},
  booktitle={Proceedings of the second international workshop on Computing education research},
  pages={97--108},
  year={2006},
  organization={ACM}
}

% não tem nada a ver com análise de sobrevivencia
@unpublished{hoed_fatores, 
    title = "Cursos superiores que requerem maior capacidade de abstração
        algorítmica e conhecimento matemático apresentam maiores taxas de evasão? Um
        estudo dos cursos de Computação no Brasil"
    author = "Raphael Hoed e Marcelo Ladeira"
}

% tem a ver com análise de sobrevivencia
@unpublished{hoed_sobrevivencia, 
    title = "Sobrevivência dos alunos de cursos superiores de computação: um estudo
        de caso na Universidade de Brasília"
    author = "Raphael Hoed e Marcelo Ladeira"
}

% unb
@misc{correio,
  year = 2015,
  howpublished =
  {\url{http://www.correiobraziliense.com.br/app/noticia/cidades/2015/10/10/interna_cidadesdf,501999/
           evasoes-na-universidade-de-brasilia-causam-prejuizo-de-r-95-mi.shtml}},
}

% manual do calouro
@misc{manual_calouro, 
  year = 2017, 
  howpublished =
  {\url{http://www.unb2.unb.br/administracao/decanatos/deg/downloads/index/guiacalouro.pdf}},
}

% livro que eu li
@book{ml_book,
  title={Fundamentals of machine learning for predictive data analytics: algorithms, worked examples, and case studies},
  author={Kelleher, John D and Mac Namee, Brian and D'Arcy, Aoife},
  year={2015},
  publisher={MIT Press}
}

% livro da caltech de ml
@book{ml_second_book, 
    title={Learning from data},
  author={Abu-Mostafa, Yaser S and Magdon-Ismail, Malik and Lin, Hsuan-Tien},
  volume={4},
  year={2012},
  publisher={AMLBook New York, NY, USA:}
}

% outro livro de ml
@article{ml_mitchell,
  title={Machine learning. 1997},
  author={Mitchell, Tom M},
  journal={Burr Ridge, IL: McGraw Hill},
  volume={45},
  number={37},
  pages={870--877},
  year={1997}
}

% random forest 
@inproceedings{random_forest,
  title={Random decision forests},
  author={Ho, Tin Kam},
  booktitle={Document Analysis and Recognition, 1995., Proceedings of the Third International Conference on},
  volume={1},
  pages={278--282},
  year={1995},
  organization={IEEE}
}

% alpha go
@article{google_ann,
  title={Mastering the game of Go with deep neural networks and tree search},
  author={Silver, David and Huang, Aja and Maddison, Chris J and Guez, Arthur and Sifre, Laurent and Van Den Driessche, George and Schrittwieser, Julian and Antonoglou, Ioannis and Panneershelvam, Veda and Lanctot, Marc and others},
  journal={Nature},
  volume={529},
  number={7587},
  pages={484--489},
  year={2016},
  publisher={Nature Research}
}

% recommendations by pedro domingos
@article{useful_ml,
  title={A few useful things to know about machine learning},
  author={Domingos, Pedro},
  journal={Communications of the ACM},
  volume={55},
  number={10},
  pages={78--87},
  year={2012},
  publisher={ACM}
}


% using kendall tau
@article{kendall,
  title={Why kendall tau},
  author={Noether, Gottfried E},
  journal={Teaching Statistics},
  volume={3},
  number={2},
  pages={41--43},
  year={1981},
  publisher={Blackwell Publishing Ltd}
}


% research on data mining retention
@article{data_mining_retention,
  title={A data mining approach for identifying predictors of student retention from sophomore to junior year},
  author={Yu, Chong Ho and DiGangi, Samuel and Jannasch-Pennell, Angel and Kaprolet, Charles},
  journal={Journal of Data Science},
  volume={8},
  number={2},
  pages={307--325},
  year={2010},
  publisher={中華資料採礦協會}
}

% fala o que eh o crisp-dm
@misc{crispdm,
  title={CRISP-DM 1.0 Step by step BIguide. Edited by SPSS},
  author={Chapman, P and Clinton, J and Keber, R and Khabaza, T and Reinartz, T and Shearer, C and Wirth, R},
  year={2000}
}

% sklearn
@article{sklearn,
 title={Scikit-learn: Machine Learning in {P}ython},
 author={Pedregosa, F. and Varoquaux, G. and Gramfort, A. and Michel, V.
         and Thirion, B. and Grisel, O. and Blondel, M. and Prettenhofer, P.
         and Weiss, R. and Dubourg, V. and Vanderplas, J. and Passos, A. and
         Cournapeau, D. and Brucher, M. and Perrot, M. and Duchesnay, E.},
 journal={Journal of Machine Learning Research},
 volume={12},
 pages={2825--2830},
 year={2011}
}
