@misc{correio,
  howpublished =
  {\url{http://www.correiobraziliense.com.br/app/noticia/cidades/2015/10/10/interna_cidadesdf,501999/
           evasoes-na-universidade-de-brasilia-causam-prejuizo-de-r-95-mi.shtml}},
}
