@book{Goldberg,
 author = "Goldberg, David E.",
 title = "Genetic Algorithms in Search, Optimization and Machine Learning",
 year = "1989",
 isbn = "0201157675",
 edition = "1st",
 publisher = "Addison-Wesley Longman Publishing Co., Inc.",
 address = "Boston, MA, USA",
}

@book{melanie, 
 title={An introduction to genetic algorithms},
 author={Mitchell, Melanie},
 year={1998}, 
 publisher={MIT press}
}

@book{Yaser,
 author = "Yaser S. Abu-Mostafa and Malik Magdon-Ismail and Hsuan-Tien Lin",
 title = "Learning from Data",
 year = "2012",
}

@book{cluster,
 title={Data clustering: algorithms and applications},
 author={Aggarwal, Charu C and Reddy, Chandan K},
 year={2013},
 publisher={CRC Press},
}

% misc is for miscellaneous
@misc{corssa5,
  author =  "van Stiphout and T. and J. Zhuang and D. Marsan",
  year = "2012",
  title = "Seismicity declustering",
}

@misc{crossover,
    howpublished = {\url{ http://neo.lcc.uma.es/cEA-web/GA.htm }}
}

@article{Yuri,
 author = "Aranha C. and Lavinas Y. and Ladeira M. and Enescu B.",
 title = "Is it possible to use generate good earthquake risk models using genetic algorithms",
 isbn = "978-989-758-052-9",
 journal = "Proceedings of the International Conference on Evolutionary Computation Theory and Applications (ECTA-2014)",
 year = "2014",
}

@article{janela,
 title={Is the sequence of earthquakes in southern California, with aftershocks removed, Poissonian},
 author={Gardner, JK and Knopoff, L},
 journal={Bull. Seismol. Soc. Am},
 volume={64},
 number={5},
 pages={1363--1367},
 year={1974}
}


@article{Reasenberg,
 title={Second-order moment of central California seismicity, 1969--1982},
 author={Reasenberg, Paul},
 journal={Journal of Geophysical Research: Solid Earth (1978--2012)},
 volume={90},
 number={B7},
 pages={5479--5495},
 year={1985},
 publisher={Wiley Online Library}
}

@article{etas, 
 title={Stochastic declustering of space-time earthquake occurrences},
 author={Zhuang, Jiancang and Ogata, Yosihiko and Vere-Jones, David}, 
 journal={Journal of the American Statistical Association},
 volume={97}, 
 number={458},
 pages={369--380},
 year={2002},
 publisher={Taylor \& Francis}
}

@article{slc1,
 title={Single-link cluster analysis as a method to evaluate spatial and temporal properties of earthquake catalogues},
 author={Frohlich, Cliff and Davis, Scott D},
 journal={Geophysical Journal International},
 volume={100},
 number={1},
 pages={19--32},
 year={1990},
 publisher={Oxford University Press}
}

@article{slc2,
 title={Single-link cluster analysis, synthetic earthquake catalogues, and aftershock identification},
 author={Davis, Scott D and Frohlich, Cliff},
 journal={Geophysical Journal International},
 volume={104},
 number={2},
 pages={289--306},
 year={1991},
 publisher={Oxford University Press}
}

@article{poisson,
 title={Poisson tests of declustered catalogues},
 author={Luen, Brad and Stark, Philip B},
 journal={Geophysical Journal International},
 volume={189},
 number={1},
 pages={691--700},
 year={2012},
 publisher={Oxford University Press}
}

@article{fcluster,
 title={A genetic approach to the automatic clustering problem},
 author={Tseng, Lin Yu and Yang, Shiueng Bien},
 journal={Pattern Recognition},
 volume={34},
 number={2},
 pages={415--424},
 year={2001},
 publisher={Elsevier}
}

@article{cluster_ga,
 title={A survey of evolutionary algorithms for clustering},
 author={Hruschka, Eduardo Raul and Campello, Ricardo JGB and Freitas, Alex A and others},
 journal={IEEE Transactions on Systems, Man, and Cybernetics, Part C (Applications and Reviews)},
 volume={39},
 number={2},
 pages={133--155},
 year={2009},
 publisher={IEEE}
}

@book{estatistica,
 title={Head first statistics},
 author={Griffiths, Dawn},
 year={2008},
 publisher={" O'Reilly Media, Inc."}
}
